<?xml version="1.0" encoding="UTF-8"?><collection xmlns="http://www.loc.gov/MARC21/slim"><record><leader>00341nam--2200109-i-4500</leader><controlfield tag="001">000035420</controlfield><controlfield tag="002">20161230</controlfield><controlfield tag="005">20161230201040</controlfield><controlfield tag="008">060222s1000------------r-----000-0-eng-d</controlfield><datafield ind1=" " ind2=" " tag="245"><subfield code="a">National telemetering conference.the complete papers of the  1953 national telemetering conference</subfield></datafield><datafield ind1=" " ind2=" " tag="260"><subfield code="a">Chicago, Aiee, 1953. Iv + 230p. Cu Fig</subfield></datafield><datafield ind1=" " ind2=" " tag="852"><subfield code="a">10619</subfield></datafield></record></collection>